% Encoding: UTF-8
@article{zheng2000summarizing,
  title={Summarizing the predictive power of a generalized linear model},
  author={Zheng, Beiyao and Agresti, Alan},
  journal={Statistics in medicine},
  volume={19},
  number={13},
  pages={1771--1781},
  year={2000},
  publisher={Wiley Online Library}
}

@article{nelder1972generalized,
  title={Generalized linear models},
  author={Nelder, John Ashworth and Wedderburn, Robert WM},
  journal={Journal of the Royal Statistical Society: Series A (General)},
  volume={135},
  number={3},
  pages={370--384},
  year={1972},
  publisher={Wiley Online Library}
}

@inproceedings{chen2016xgboost,
  title={Xgboost: A scalable tree boosting system},
  author={Chen, Tianqi and Guestrin, Carlos},
  booktitle={Proceedings of the 22nd acm sigkdd international conference on knowledge discovery and data mining},
  pages={785--794},
  year={2016}
}
@Comment{jabref-meta: databaseType:bibtex;}
